@book{oates2005researching,
  title={Researching information systems and computing},
  author={Oates, Briony J},
  year={2005},
  publisher={Sage}
}
